10400000         2070682380001060053870000000974    00053100000000009734J.H.BELTRAO JUNIOR COM.INF.LTDCAIXA FEDERAL                           11003201019462700000103000000                                                                     
10400011R0100020 20070682380001060053870000000974    00053100000000009734J.H.BELTRAO JUNIOR COM.INF.LTDteste 04/10                             teste2                                  000000011003201010032010                                 
1040001300001P 0100053100000000009735         90000129408111120012940        0904201000000000001250000053102N100320101000000000000000000000001090420100000000000000000000000000000000000000000000000012940                  300100009           
1040001300001Q 012000799568000114J.S. SILVA MADEIREIRA                   RUA JOSE BERNARDINO, 29                 CENTRO         55650000PASSIRA        PE2000799568000114J.S. SILVA MADEIREIRA                                                  
10400015         0000040000010000000000000010000000000000000000000000000000000000000000000000000000000000000000000000000000                                                                                                                     
10499999         000001000006000000                                                                                                                                                                                                             