00100000         2070682380001060032762340014       0023210000000700002 TREVO DISTRIBUIDORA DE MATERIABANCO DO BRASIL                         20510202101294300029303000000031393860PROCESSAMEN                                                 
00100011T0100020 20070682380001060032762340014       0023210000000700002 TREVO DISTRIBUIDORA DE MATERIA                                                                                000000000510202100000000  000000000                      
0010001300001T 020023210000000700002 32762340005214671   75214671        031120210000000001589350010067345214671                  0900000000000010000000000000000000000000000000000000000   0000000000000000000000000A9        170193276234     
0010001300002U 020000000000000000000000000000000000000000000000000000000000000000000000000000000000000000000000000000000000000000000000000510202100000000            000000000000000                              000                           
0010001300003T 020023210000000700002 32762340005214672   75214672        031220210000000001589350010067345214672                  0900000000000010000000000000000000000000000000000000000   0000000000000000000000000A9        170193276234     
0010001300004U 020000000000000000000000000000000000000000000000000000000000000000000000000000000000000000000000000000000000000000000000000510202100000000            000000000000000                              000                           
0010001300005T 020023210000000700002 32762340052146801   752146801       0511202100000000015894200102802952146801                 0900000000000010000000000000000000000000000000000000000   0000000000000000000000000A9        170193276234     
0010001300006U 020000000000000000000000000000000000000000000000000000000000000000000000000000000000000000000000000000000000000000000000000510202100000000            000000000000000                              000                           
0010001300007T 020023210000000700002 32762340052146802   752146802       2011202100000000015894200102802952146802                 0900000000000010000000000000000000000000000000000000000   0000000000000000000000000A9        170193276234     
0010001300008U 020000000000000000000000000000000000000000000000000000000000000000000000000000000000000000000000000000000000000000000000000510202100000000            000000000000000                              000                           
0010001300009T 020023210000000700002 32762340052146803   752146803       0512202100000000015894200102802952146803                 0900000000000010000000000000000000000000000000000000000   0000000000000000000000000A9        170193276234     
0010001300010U 020000000000000000000000000000000000000000000000000000000000000000000000000000000000000000000000000000000000000000000000000510202100000000            000000000000000                              000                           
0010001300011T 020023210000000700002 32762340052159101   752159101       0411202100000000016443700100673452159101                 0900000000000010000000000000000000000000000000000000000   0000000000000000000000000A9        170193276234     
0010001300012U 020000000000000000000000000000000000000000000000000000000000000000000000000000000000000000000000000000000000000000000000000510202100000000            000000000000000                              000                           
0010001300013T 020023210000000700002 32762340052159102   752159102       1911202100000000016443700100673452159102                 0900000000000010000000000000000000000000000000000000000   0000000000000000000000000A9        170193276234     
0010001300014U 020000000000000000000000000000000000000000000000000000000000000000000000000000000000000000000000000000000000000000000000000510202100000000            000000000000000                              000                           
0010001300015T 020023210000000700002 32762340052159103   752159103       0412202100000000016443700100673452159103                 0900000000000010000000000000000000000000000000000000000   0000000000000000000000000A9        170193276234     
0010001300016U 020000000000000000000000000000000000000000000000000000000000000000000000000000000000000000000000000000000000000000000000000510202100000000            000000000000000                              000                           
0010001300017T 020023210000000700002 32762340052159201   752159201       0411202100000000007693000100232152159201                 0900000000000010000000000000000000000000000000000000000   0000000000000000000000000A9        170193276234     
0010001300018U 020000000000000000000000000000000000000000000000000000000000000000000000000000000000000000000000000000000000000000000000000510202100000000            000000000000000                              000                           
0010001300019T 020023210000000700002 32762340052159401   752159401       2510202100000000004753000102335352159401                 0900000000000010500000000000000000000000000000000000000   0000000000000000000000000A9A4      170193276234     
0010001300020U 020000000000000000000000000000000000000000000000000000000000000000000000000000000000000000000000000000000000000000000000000510202100000000            000000000000000                              000                           
0010001300021T 020023210000000700002 32762340052159402   752159402       1411202100000000004753000102335352159402                 0900000000000010500000000000000000000000000000000000000   0000000000000000000000000A9A4      170193276234     
0010001300022U 020000000000000000000000000000000000000000000000000000000000000000000000000000000000000000000000000000000000000000000000000510202100000000            000000000000000                              000                           
0010001300023T 020023210000000700002 32762340052160001   752160001       0411202100000000014400000102437652160001                 0900000000000010500000000000000000000000000000000000000   0000000000000000000000000A9A4      170193276234     
0010001300024U 020000000000000000000000000000000000000000000000000000000000000000000000000000000000000000000000000000000000000000000000000510202100000000            000000000000000                              000                           
0010001300025T 020023210000000700002 32762340052160002   752160002       0412202100000000014400000102437652160002                 0900000000000010500000000000000000000000000000000000000   0000000000000000000000000A9A4      170193276234     
0010001300026U 020000000000000000000000000000000000000000000000000000000000000000000000000000000000000000000000000000000000000000000000000510202100000000            000000000000000                              000                           
0010001300027T 020023210000000700002 32762340052160501   752160501       2010202100000000003066000100068X52160501                 0900000000000010000000000000000000000000000000000000000   0000000000000000000000000A9        170193276234     
0010001300028U 020000000000000000000000000000000000000000000000000000000000000000000000000000000000000000000000000000000000000000000000000510202100000000            000000000000000                              000                           
0010001300029T 020023210000000700002 32762340052160701   752160701       0411202100000000006994700104119X52160701                 0900000000000010000000000000000000000000000000000000000   0000000000000000000000000A9        170193276234     
0010001300030U 020000000000000000000000000000000000000000000000000000000000000000000000000000000000000000000000000000000000000000000000000510202100000000            000000000000000                              000                           
0010001300031T 020023210000000700002 32762340052160702   752160702       1911202100000000006994700104119X52160702                 0900000000000010000000000000000000000000000000000000000   0000000000000000000000000A9        170193276234     
0010001300032U 020000000000000000000000000000000000000000000000000000000000000000000000000000000000000000000000000000000000000000000000000510202100000000            000000000000000                              000                           
0010001300033T 020023210000000700002 32762340052160703   752160703       0412202100000000006994700104119X52160703                 0900000000000010000000000000000000000000000000000000000   0000000000000000000000000A9        170193276234     
0010001300034U 020000000000000000000000000000000000000000000000000000000000000000000000000000000000000000000000000000000000000000000000000510202100000000            000000000000000                              000                           
0010001300035T 020023210000000700002 32762340052161001   752161001       0411202100000000024950000102156352161001                 0900000000000010000000000000000000000000000000000000000   0000000000000000000000000A9        170193276234     
0010001300036U 020000000000000000000000000000000000000000000000000000000000000000000000000000000000000000000000000000000000000000000000000510202100000000            000000000000000                              000                           
0010001300037T 020023210000000700002 32762340052161002   752161002       1911202100000000024950000102156352161002                 0900000000000010000000000000000000000000000000000000000   0000000000000000000000000A9        170193276234     
0010001300038U 020000000000000000000000000000000000000000000000000000000000000000000000000000000000000000000000000000000000000000000000000510202100000000            000000000000000                              000                           
0010001300039T 020023210000000700002 32762340052161003   752161003       0412202100000000024950000102156352161003                 0900000000000010000000000000000000000000000000000000000   0000000000000000000000000A9        170193276234     
0010001300040U 020000000000000000000000000000000000000000000000000000000000000000000000000000000000000000000000000000000000000000000000000510202100000000            000000000000000                              000                           
0010001300041T 020023210000000700002 32762340052161401   752161401       0411202100000000009401700101138X52161401                 0900000000000010500000000000000000000000000000000000000   0000000000000000000000000A9A4      170193276234     
0010001300042U 020000000000000000000000000000000000000000000000000000000000000000000000000000000000000000000000000000000000000000000000000510202100000000            000000000000000                              000                           
0010001300043T 020023210000000700002 32762340052161402   752161402       1911202100000000009401700101138X52161402                 0900000000000010500000000000000000000000000000000000000   0000000000000000000000000A9A4      170193276234     
0010001300044U 020000000000000000000000000000000000000000000000000000000000000000000000000000000000000000000000000000000000000000000000000510202100000000            000000000000000                              000                           
0010001300045T 020023210000000700002 32762340052161403   752161403       0412202100000000009401700101138X52161403                 0900000000000010500000000000000000000000000000000000000   0000000000000000000000000A9A4      170193276234     
0010001300046U 020000000000000000000000000000000000000000000000000000000000000000000000000000000000000000000000000000000000000000000000000510202100000000            000000000000000                              000                           
0010001300047T 020023210000000700002 32762340052161501   752161501       0411202100000000013175700102802952161501                 0900000000000010500000000000000000000000000000000000000   0000000000000000000000000A9A4      170193276234     
0010001300048U 020000000000000000000000000000000000000000000000000000000000000000000000000000000000000000000000000000000000000000000000000510202100000000            000000000000000                              000                           
0010001300049T 020023210000000700002 32762340052161502   752161502       1911202100000000013175700102802952161502                 0900000000000010500000000000000000000000000000000000000   0000000000000000000000000A9A4      170193276234     
0010001300050U 020000000000000000000000000000000000000000000000000000000000000000000000000000000000000000000000000000000000000000000000000510202100000000            000000000000000                              000                           
0010001300051T 020023210000000700002 32762340052161503   752161503       0412202100000000013175700102802952161503                 0900000000000010500000000000000000000000000000000000000   0000000000000000000000000A9A4      170193276234     
0010001300052U 020000000000000000000000000000000000000000000000000000000000000000000000000000000000000000000000000000000000000000000000000510202100000000            000000000000000                              000                           
0010001300053T 020023210000000700002 32762340052161601   752161601       2510202100000000004291000102802952161601                 0900000000000010000000000000000000000000000000000000000   0000000000000000000000000A9        170193276234     
0010001300054U 020000000000000000000000000000000000000000000000000000000000000000000000000000000000000000000000000000000000000000000000000510202100000000            000000000000000                              000                           
0010001300055T 020023210000000700002 32762340052161602   752161602       1411202100000000004291000102802952161602                 0900000000000010000000000000000000000000000000000000000   0000000000000000000000000A9        170193276234     
0010001300056U 020000000000000000000000000000000000000000000000000000000000000000000000000000000000000000000000000000000000000000000000000510202100000000            000000000000000                              000                           
0010001300057T 020023210000000700002 32762340052161701   752161701       0411202100000000043960000102365552161701                 0900000000000010000000000000000000000000000000000000000   0000000000000000000000000A9        170193276234     
0010001300058U 020000000000000000000000000000000000000000000000000000000000000000000000000000000000000000000000000000000000000000000000000510202100000000            000000000000000                              000                           
0010001300059T 020023210000000700002 32762340052161801   752161801       0411202100000000011816000100821452161801                 0900000000000010000000000000000000000000000000000000000   0000000000000000000000000A9        170193276234     
0010001300060U 020000000000000000000000000000000000000000000000000000000000000000000000000000000000000000000000000000000000000000000000000510202100000000            000000000000000                              000                           
0010001300061T 020023210000000700002 32762340052161901   752161901       0411202100000000013926700100821452161901                 0900000000000010000000000000000000000000000000000000000   0000000000000000000000000A9        170193276234     
0010001300062U 020000000000000000000000000000000000000000000000000000000000000000000000000000000000000000000000000000000000000000000000000510202100000000            000000000000000                              000                           
0010001300063T 020023210000000700002 32762340052161902   752161902       1911202100000000013926700100821452161902                 0900000000000010000000000000000000000000000000000000000   0000000000000000000000000A9        170193276234     
0010001300064U 020000000000000000000000000000000000000000000000000000000000000000000000000000000000000000000000000000000000000000000000000510202100000000            000000000000000                              000                           
0010001300065T 020023210000000700002 32762340052161903   752161903       0412202100000000013926700100821452161903                 0900000000000010000000000000000000000000000000000000000   0000000000000000000000000A9        170193276234     
0010001300066U 020000000000000000000000000000000000000000000000000000000000000000000000000000000000000000000000000000000000000000000000000510202100000000            000000000000000                              000                           
0010001300067T 020023210000000700002 32762340052162001   752162001       0411202100000000006988300104076252162001                 0900000000000010500000000000000000000000000000000000000   0000000000000000000000000A9A4      170193276234     
0010001300068U 020000000000000000000000000000000000000000000000000000000000000000000000000000000000000000000000000000000000000000000000000510202100000000            000000000000000                              000                           
0010001300069T 020023210000000700002 32762340052162002   752162002       1911202100000000006988300104076252162002                 0900000000000010500000000000000000000000000000000000000   0000000000000000000000000A9A4      170193276234     
0010001300070U 020000000000000000000000000000000000000000000000000000000000000000000000000000000000000000000000000000000000000000000000000510202100000000            000000000000000                              000                           
0010001300071T 020023210000000700002 32762340052162003   752162003       0412202100000000006988300104076252162003                 0900000000000010500000000000000000000000000000000000000   0000000000000000000000000A9A4      170193276234     
0010001300072U 020000000000000000000000000000000000000000000000000000000000000000000000000000000000000000000000000000000000000000000000000510202100000000            000000000000000                              000                           
0010001300073T 020023210000000700002 32762340052162101   752162101       2510202100000000006500000104076252162101                 0900000000000010000000000000000000000000000000000000000   0000000000000000000000000A9        170193276234     
0010001300074U 020000000000000000000000000000000000000000000000000000000000000000000000000000000000000000000000000000000000000000000000000510202100000000            000000000000000                              000                           
0010001300075T 020023210000000700002 32762340052162102   752162102       1411202100000000006500000104076252162102                 0900000000000010000000000000000000000000000000000000000   0000000000000000000000000A9        170193276234     
0010001300076U 020000000000000000000000000000000000000000000000000000000000000000000000000000000000000000000000000000000000000000000000000510202100000000            000000000000000                              000                           
0010001300077T 020023210000000700002 32762340052162501   752162501       0411202100000000006256000102244652162501                 0900000000000010000000000000000000000000000000000000000   0000000000000000000000000A9        170193276234     
0010001300078U 020000000000000000000000000000000000000000000000000000000000000000000000000000000000000000000000000000000000000000000000000510202100000000            000000000000000                              000                           
0010001300079T 020023210000000700002 32762340052162502   752162502       1911202100000000006256000102244652162502                 0900000000000010000000000000000000000000000000000000000   0000000000000000000000000A9        170193276234     
0010001300080U 020000000000000000000000000000000000000000000000000000000000000000000000000000000000000000000000000000000000000000000000000510202100000000            000000000000000                              000                           
0010001300081T 020023210000000700002 32762340052162503   752162503       0412202100000000006256000102244652162503                 0900000000000010000000000000000000000000000000000000000   0000000000000000000000000A9        170193276234     
0010001300082U 020000000000000000000000000000000000000000000000000000000000000000000000000000000000000000000000000000000000000000000000000510202100000000            000000000000000                              000                           
0010001300083T 020023210000000700002 32762340052162701   752162701       0411202100000000017910000100067152162701                 0900000000000010500000000000000000000000000000000000000   0000000000000000000000000A9A4      170193276234     
0010001300084U 020000000000000000000000000000000000000000000000000000000000000000000000000000000000000000000000000000000000000000000000000510202100000000            000000000000000                              000                           
0010001300085T 020023210000000700002 32762340052162702   752162702       1911202100000000017910000100067152162702                 0900000000000010500000000000000000000000000000000000000   0000000000000000000000000A9A4      170193276234     
0010001300086U 020000000000000000000000000000000000000000000000000000000000000000000000000000000000000000000000000000000000000000000000000510202100000000            000000000000000                              000                           
0010001300087T 020023210000000700002 32762340052162703   752162703       0412202100000000017910000100067152162703                 0900000000000010500000000000000000000000000000000000000   0000000000000000000000000A9A4      170193276234     
0010001300088U 020000000000000000000000000000000000000000000000000000000000000000000000000000000000000000000000000000000000000000000000000510202100000000            000000000000000                              000                           
0010001300089T 020023210000000700002 32762340052163001   752163001       0411202100000000018295300102625552163001                 0900000000000010500000000000000000000000000000000000000   0000000000000000000000000A9A4      170193276234     
0010001300090U 020000000000000000000000000000000000000000000000000000000000000000000000000000000000000000000000000000000000000000000000000510202100000000            000000000000000                              000                           
0010001300091T 020023210000000700002 32762340052163002   752163002       1911202100000000018295300102625552163002                 0900000000000010500000000000000000000000000000000000000   0000000000000000000000000A9A4      170193276234     
0010001300092U 020000000000000000000000000000000000000000000000000000000000000000000000000000000000000000000000000000000000000000000000000510202100000000            000000000000000                              000                           
0010001300093T 020023210000000700002 32762340052163003   752163003       0412202100000000018295300102625552163003                 0900000000000010500000000000000000000000000000000000000   0000000000000000000000000A9A4      170193276234     
0010001300094U 020000000000000000000000000000000000000000000000000000000000000000000000000000000000000000000000000000000000000000000000000510202100000000            000000000000000                              000                           
0010001300095T 020023210000000700002 32762340052163401   752163401       2010202100000000012250000100232152163401                 0900000000000010000000000000000000000000000000000000000   0000000000000000000000000A9        170193276234     
0010001300096U 020000000000000000000000000000000000000000000000000000000000000000000000000000000000000000000000000000000000000000000000000510202100000000            000000000000000                              000                           
0010001300097T 020023210000000700002 32762340052167601   752167601       0411202100000000005290000100232152167601                 0900000000000010000000000000000000000000000000000000000   0000000000000000000000000A9        170193276234     
0010001300098U 020000000000000000000000000000000000000000000000000000000000000000000000000000000000000000000000000000000000000000000000000510202100000000            000000000000000                              000                           
0010001300099T 060023210000000700002 32762340000004320   7514566/03      05102021000000000120613104012420                         0900000000000010100000000000000000000000000000000000000   000000000000000000000008004        170193276234     
0010001300100U 060000000000000000000000000000000000000000000000000000000000000000000001206130000000001206130000000000000000000000000000000510202106102021            000000000000000                              000                           
0010001300101T 060023210000000700002 32762340005192211   75192211        031020210000000002205652370216905192211                  0900000000000010100000000000000000000000000000000000000   000000000000000000000008004        170193276234     
0010001300102U 060000000000006620000000000000000000000000000000000000000000000000000002212270000000002212270000000000000000000000000000000510202106102021            000000000000000                              000                           
0010001300103T 060023210000000700002 32762340051666403   751666403       0110202100000000011985810401295051666403                 0900000000000010100000000000000000000000000000000000000   000000000000000000000008004        170193276234     
0010001300104U 060000000000007200000000000000000000000000000000000000000000000000000001205780000000001205780000000000000000000000000000000510202106102021            000000000000000                              000                           
0010001300105T 060023210000000700002 32762340051671903   751671903       0210202100000000011451303304067051671903                 0900000000000010100000000000000000000000000000000000000   000000000000000000000008004        170193276234     
0010001300106U 060000000000005160000000000000000000000000000000000000000000000000000001150290000000001150290000000000000000000000000000000510202106102021            000000000000000                              000                           
0010001300107T 060023210000000700002 32762340051679303   751679303       0210202100000000013208710401295051679303                 0900000000000010100000000000000000000000000000000000000   000000000000000000000008004        170193276234     
0010001300108U 060000000000005940000000000000000000000000000000000000000000000000000001326810000000001326810000000000000000000000000000000510202106102021            000000000000000                              000                           
0010001300109T 060023210000000700002 32762340051681603   751681603       0210202100000000007441300101264551681603                 0900000000000010040000000000000000000000000000000000000   000000000000000000000008034        170193276234     
0010001300110U 060000000000003360000000000000000000000000000000000000000000000000000000747490000000000747490000000000000000000000000000000510202106102021            000000000000000                              000                           
0010001300111T 060023210000000700002 32762340051687103   751687103       0310202100000000012186723706037051687103                 0900000000000010100000000000000000000000000000000000000   000000000000000000000008004        170193276234     
0010001300112U 060000000000003660000000000000000000000000000000000000000000000000000001222330000000001222330000000000000000000000000000000510202106102021            000000000000000                              000                           
0010001300113T 060023210000000700002 32762340051690703   751690703       0310202100000000007072010400049051690703                 0900000000000010100000000000000000000000000000000000000   000000000000000000000008004        170193276234     
0010001300114U 060000000000002120000000000000000000000000000000000000000000000000000000709320000000000709320000000000000000000000000000000510202106102021            000000000000000                              000                           
0010001300115T 060023210000000700002 32762340051701403   751701403       0410202100000000006829310400049051701403                 0900000000000010100000000000000000000000000000000000000   000000000000000000000008004        170193276234     
0010001300116U 060000000000001020000000000000000000000000000000000000000000000000000000683950000000000683950000000000000000000000000000000510202106102021            000000000000000                              000                           
0010001300117T 060023210000000700002 32762340051707703   751707703       0510202100000000006791034107888051707703                 0900000000000010100000000000000000000000000000000000000   000000000000000000000008004        170193276234     
0010001300118U 060000000000000000000000000000000000000000000000000000000000000000000000679100000000000679100000000000000000000000000000000510202106102021            000000000000000                              000                           
0010001300119T 060023210000000700002 32762340051711502   751711502       0510202100000000005155023700882051711502                 0900000000000010100000000000000000000000000000000000000   000000000000000000000008004        170193276234     
0010001300120U 060000000000000000000000000000000000000000000000000000000000000000000000515500000000000515500000000000000000000000000000000510202106102021            000000000000000                              000                           
0010001300121T 060023210000000700002 32762340051712002   751712002       0510202100000000004999563300001051712002                 0900000000000010100000000000000000000000000000000000000   000000000000000000000008004        170193276234     
0010001300122U 060000000000000000000000000000000000000000000000000000000000000000000000499950000000000499950000000000000000000000000000000510202106102021            000000000000000                              000                           
0010001300123T 060023210000000700002 32762340051712102   751712102       0510202100000000006985023706992051712102                 0900000000000010100000000000000000000000000000000000000   000000000000000000000008004        170193276234     
0010001300124U 060000000000000000000000000000000000000000000000000000000000000000000000698500000000000698500000000000000000000000000000000510202106102021            000000000000000                              000                           
0010001300125T 060023210000000700002 32762340051713703   751713703       0510202100000000010168334101594051713703                 0900000000000010100000000000000000000000000000000000000   000000000000000000000008004        170193276234     
0010001300126U 060000000000000000000000000000000000000000000000000000000000000000000001016830000000001016830000000000000000000000000000000510202106102021            000000000000000                              000                           
0010001300127T 060023210000000700002 32762340051713803   751713803       0510202100000000038480934109249051713803                 0900000000000010100000000000000000000000000000000000000   000000000000000000000008004        170193276234     
0010001300128U 060000000000000000000000000000000000000000000000000000000000000000000003848090000000003848090000000000000000000000000000000510202106102021            000000000000000                              000                           
0010001300129T 060023210000000700002 32762340051714003   751714003       0510202100000000003304034108310051714003                 0900000000000010100000000000000000000000000000000000000   000000000000000000000008004        170193276234     
0010001300130U 060000000000000000000000000000000000000000000000000000000000000000000000330400000000000330400000000000000000000000000000000510202106102021            000000000000000                              000                           
0010001300131T 060023210000000700002 32762340051714103   751714103       0510202100000000036294734108310051714103                 0900000000000010100000000000000000000000000000000000000   000000000000000000000008004        170193276234     
0010001300132U 060000000000000000000000000000000000000000000000000000000000000000000003629470000000003629470000000000000000000000000000000510202106102021            000000000000000                              000                           
0010001300133T 060023210000000700002 32762340051795202   751795202       0210202100000000012588734108302051795202                 0900000000000010100000000000000000000000000000000000000   000000000000000000000008004        170193276234     
0010001300134U 060000000000005670000000000000000000000000000000000000000000000000000001264540000000001264540000000000000000000000000000000510202106102021            000000000000000                              000                           
0010001300135T 060023210000000700002 32762340051806102   751806102       0310202100000000016970723706174051806102                 0900000000000010100000000000000000000000000000000000000   000000000000000000000008004        170193276234     
0010001300136U 060000000000005100000000000000000000000000000000000000000000000000000001702170000000001702170000000000000000000000000000000510202106102021            000000000000000                              000                           
0010001300137T 060023210000000700002 32762340051821602   751821602       0710202100000000020400010400049051821602                 0900000000000010100000000000000000000000000000000000000   000000000000000000000008004        170193276234     
0010001300138U 060000000000000000000000000000000000000000000000000000000000000000000002040000000000002040000000000000000000000000000000000510202106102021            000000000000000                              000                           
0010001300139T 060023210000000700002 32762340051823702   751823702       0710202100000000009899300102422851823702                 0900000000000010070000000000000000000000000000000000000   000000000000000000000008031        170193276234     
0010001300140U 060000000000000000000000000000000000000000000000000000000000000000000000989930000000000989930000000000000000000000000000000510202106102021            000000000000000                              000                           
0010001300141T 060023210000000700002 32762340051855502   751855502       0510202100000000009440000102473251855502                 0900000000000010060000000000000000000000000000000000000   000000000000000000000008033        170193276234     
0010001300142U 060000000000000000000000000000000000000000000000000000000000000000000000944000000000000944000000000000000000000000000000000510202106102021            000000000000000                              000                           
0010001300143T 060023210000000700002 32762340051855902   751855902       0510202100000000004875000100922951855902                 0900000000000010060000000000000000000000000000000000000   000000000000000000000008033        170193276234     
0010001300144U 060000000000000000000000000000000000000000000000000000000000000000000000487500000000000487500000000000000000000000000000000510202106102021            000000000000000                              000                           
0010001300145T 060023210000000700002 32762340051856502   751856502       0510202100000000008199342200144051856502                 0900000000000010100000000000000000000000000000000000000   000000000000000000000008004        170193276234     
0010001300146U 060000000000000000000000000000000000000000000000000000000000000000000000819930000000000819930000000000000000000000000000000510202106102021            000000000000000                              000                           
0010001300147T 060023210000000700002 32762340051856702   751856702       0510202100000000005900010402125051856702                 0900000000000010100000000000000000000000000000000000000   000000000000000000000008004        170193276234     
0010001300148U 060000000000000000000000000000000000000000000000000000000000000000000000590000000000000590000000000000000000000000000000000510202106102021            000000000000000                              000                           
0010001300149T 060023210000000700002 32762340051861002   751861002       0510202100000000003375023701784051861002                 0900000000000010100000000000000000000000000000000000000   000000000000000000000008004        170193276234     
0010001300150U 060000000000000000000000000000000000000000000000000000000000000000000000337500000000000337500000000000000000000000000000000510202106102021            000000000000000                              000                           
0010001300151T 060023210000000700002 32762340051867902   751867902       0610202100000000003656000101761251867902                 0900000000000010010000000000000000000000000000000000000   000000000000000000000008032        170193276234     
0010001300152U 060000000000000000000000000000000000000000000000000000000000000000000000365600000000000365600000000000000000000000000000000510202106102021            000000000000000                              000                           
0010001300153T 060023210000000700002 32762340051888801   751888801       3009202100000000014945023703212051888801                 0900000000000010100000000000000000000000000000000000000   000000000000000000000008004        170193276234     
0010001300154U 060000000000011200000000000000000000000000000000000000000000000000000001505700000000001505700000000000000000000000000000000510202106102021            000000000000000                              000                           
0010001300155T 060023210000000700002 32762340051890501   751890501       3009202100000000010408710403547051890501                 0900000000000010100000000000000000000000000000000000000   000000000000000000000008004        170193276234     
0010001300156U 060000000000007800000000000000000000000000000000000000000000000000000001048670000000001048670000000000000000000000000000000510202106102021            000000000000000                              000                           
0010001300157T 060023210000000700002 32762340051902601   751902601       0110202100000000082106719700001051902601                 0900000000000010100000000000000000000000000000000000000   000000000000000000000008004        170193276234     
0010001300158U 060000000000049280000000000000000000000000000000000000000000000000000008259950000000008259950000000000000000000000000000000510202106102021            000000000000000                              000                           
0010001300159T 060023210000000700002 32762340051907601   751907601       0210202100000000008416775601098051907601                 0900000000000010100000000000000000000000000000000000000   000000000000000000000008004        170193276234     
0010001300160U 060000000000003780000000000000000000000000000000000000000000000000000000845450000000000845450000000000000000000000000000000510202106102021            000000000000000                              000                           
0010001300161T 060023210000000700002 32762340051912101   751912101       0210202100000000007406010400053051912101                 0900000000000010100000000000000000000000000000000000000   000000000000000000000008004        170193276234     
0010001300162U 060000000000003330000000000000000000000000000000000000000000000000000000743930000000000743930000000000000000000000000000000510202106102021            000000000000000                              000                           
0010001300163T 060023210000000700002 32762340051917801   751917801       0310202100000000016982710400049051917801                 0900000000000010100000000000000000000000000000000000000   000000000000000000000008004        170193276234     
0010001300164U 060000000000005100000000000000000000000000000000000000000000000000000001703370000000001703370000000000000000000000000000000510202106102021            000000000000000                              000                           
0010001300165T 060023210000000700002 32762340051922501   751922501       0310202100000000003716723701116051922501                 0900000000000010100000000000000000000000000000000000000   000000000000000000000008004        170193276234     
0010001300166U 060000000000001120000000000000000000000000000000000000000000000000000000372790000000000372790000000000000000000000000000000510202106102021            000000000000000                              000                           
0010001300167T 060023210000000700002 32762340051939001   751939001       0810202100000000009540010402192051939001                 0900000000000010100000000000000000000000000000000000000   000000000000000000000008004        170193276234     
0010001300168U 060000000000000000000000000000000000000000000000000000000000000000000000954000000000000954000000000000000000000000000000000510202106102021            000000000000000                              000                           
0010001300169T 060023210000000700002 32762340051944801   751944801       0810202100000000006380000101069351944801                 0900000000000010070000000000000000000000000000000000000   000000000000000000000008031        170193276234     
0010001300170U 060000000000000000000000000000000000000000000000000000000000000000000000638000000000000638000000000000000000000000000000000510202106102021            000000000000000                              000                           
0010001300171T 060023210000000700002 32762340051962401   751962401       3009202100000000006492500102238151962401                 0900000000000010060000000000000000000000000000000000000   000000000000000000000008033        170193276234     
0010001300172U 060000000000004850000000000000000000000000000000000000000000000000000000654100000000000654100000000000000000000000000000000510202106102021            000000000000000                              000                           
0010001300173T 060023210000000700002 32762340051972901   751972901       0310202100000000006725000104637X51972901                 0900000000000010060000000000000000000000000000000000000   000000000000000000000008033        170193276234     
0010001300174U 060000000000002020000000000000000000000000000000000000000000000000000000674520000000000674520000000000000000000000000000000510202106102021            000000000000000                              000                           
0010001300175T 060023210000000700002 32762340051994401   751994401       0510202100000000006620034107731051994401                 0900000000000010100000000000000000000000000000000000000   000000000000000000000008004        170193276234     
0010001300176U 060000000000000000000000000000000000000000000000000000000000000000000000662000000000000662000000000000000000000000000000000510202106102021            000000000000000                              000                           
0010001300177T 060023210000000700002 32762340051995201   751995201       0510202100000000011150000100710251995201                 0900000000000010040000000000000000000000000000000000000   000000000000000000000008034        170193276234     
0010001300178U 060000000000000000000000000000000000000000000000000000000000000000000001115000000000001115000000000000000000000000000000000510202106102021            000000000000000                              000                           
0010001300179T 060023210000000700002 32762340051997101   751997101       0510202100000000005579000100710251997101                 0900000000000010070000000000000000000000000000000000000   000000000000000000000008031        170193276234     
0010001300180U 060000000000000000000000000000000000000000000000000000000000000000000000557900000000000557900000000000000000000000000000000510202106102021            000000000000000                              000                           
0010001300181T 060023210000000700002 32762340052000701   752000701       0510202100000000005575000100821452000701                 0900000000000010040000000000000000000000000000000000000   000000000000000000000008034        170193276234     
0010001300182U 060000000000000000000000000000000000000000000000000000000000000000000000557500000000000557500000000000000000000000000000000510202106102021            000000000000000                              000                           
0010001300183T 060023210000000700002 32762340052003201   752003201       3009202100000000029400000100673452003201                 0900000000000010060000000000000000000000000000000000000   000000000000000000000008033        170193276234     
0010001300184U 060000000000022050000000000000000000000000000000000000000000000000000002962050000000002962050000000000000000000000000000000510202106102021            000000000000000                              000                           
0010001300185T 060023210000000700002 32762340052009301   752009301       0610202100000000004100010403536052009301                 0900000000000010100000000000000000000000000000000000000   000000000000000000000008004        170193276234     
0010001300186U 060000000000000000000000000000000000000000000000000000000000000000000000410000000000000410000000000000000000000000000000000510202106102021            000000000000000                              000                           
0010001300187T 060023210000000700002 32762340052014501   752014501       0610202100000000005050500101363352014501                 0900000000000010060000000000000000000000000000000000000   000000000000000000000008033        170193276234     
0010001300188U 060000000000000000000000000000000000000000000000000000000000000000000000505050000000000505050000000000000000000000000000000510202106102021            000000000000000                              000                           
0010001300189T 060023210000000700002 32762340052032001   752032001       1010202100000000005006534107030052032001                 0900000000000010100000000000000000000000000000000000000   000000000000000000000008004        170193276234     
0010001300190U 060000000000000000000000000000000000000000000000000000000000000000000000500650000000000500650000000000000000000000000000000510202106102021            000000000000000                              000                           
0010001300191T 060023210000000700002 32762340052033001   752033001       0510202100000000012250000101761252033001                 0900000000000010060000000000000000000000000000000000000   000000000000000000000008033        170193276234     
0010001300192U 060000000000000000000000000000000000000000000000000000000000000000000001225000000000001225000000000000000000000000000000000510202106102021            000000000000000                              000                           
0010001300193T 060023210000000700002 32762340052044001   752044001       0510202100000000002520003304010052044001                 0900000000000010100000000000000000000000000000000000000   000000000000000000000008004        170193276234     
0010001300194U 060000000000000000000000000000000000000000000000000000000000000000000000252000000000000252000000000000000000000000000000000510202106102021            000000000000000                              000                           
0010001300195T 060023210000000700002 32762340052045601   752045601       0610202100000000019600010401242052045601                 0900000000000010100000000000000000000000000000000000000   000000000000000000000008004        170193276234     
0010001300196U 060000000000000000000000000000000000000000000000000000000000000000000001960000000000001960000000000000000000000000000000000510202106102021            000000000000000                              000                           
0010001300197T 060023210000000700002 32762340052072201   752072201       1310202100000000005082010402170052072201                 0900000000000010100000000000000000000000000000000000000   000000000000000000000008004        170193276234     
0010001300198U 060000000000000000000000000000000000000000000000000000000000000000000000508200000000000508200000000000000000000000000000000510202106102021            000000000000000                              000                           
0010001300199T 060023210000000700002 32762340052078202   752078202       0311202100000000007123510401038052078202                 0900000000000010100000000000000000000000000000000000000   000000000000000000000008004        170193276234     
0010001300200U 060000000000000000000000000000000000000000000000000000000000000000000000712350000000000712350000000000000000000000000000000510202106102021            000000000000000                              000                           
0010001300201T 060023210000000700002 32762340052080901   752080901       1410202100000000003451010402192052080901                 0900000000000010100000000000000000000000000000000000000   000000000000000000000008004        170193276234     
0010001300202U 060000000000000000000000000000000000000000000000000000000000000000000000345100000000000345100000000000000000000000000000000510202106102021            000000000000000                              000                           
0010001300203T 060023210000000700002 32762340052114601   752114601       2910202100000000027445033600001052114601                 0900000000000010100000000000000000000000000000000000000   000000000000000000000008004        170193276234     
0010001300204U 060000000000000000000000000000000000000000000000000000000000000000000002744500000000002744500000000000000000000000000000000510202106102021            000000000000000                              000                           
0010001300205T 060023210000000700002 32762340052138801   752138801       0410202100000000011650033600001052138801                 0900000000000010100000000000000000000000000000000000000   000000000000000000000008004        170193276234     
0010001300206U 060000000000001750000000000000000000000000000000000000000000000000000001166750000000001166750000000000000000000000000000000510202106102021            000000000000000                              000                           
0010001300207T 090023210000000700002 32762340052146701   752146701       2410202100000000015893500100673452146701                 0900000000000000000000000000000000000000000000000000000   000000000000000000000000010        170193276234     
0010001300208U 090000000000000000000000000000000000000000000000000000000000000000000000000000000000000000000000000000000000000000000000000510202100000000            000000000000000                              000                           
0010001300209T 090023210000000700002 32762340052146702   752146702       1311202100000000015893500100673452146702                 0900000000000000000000000000000000000000000000000000000   000000000000000000000000010        170193276234     
0010001300210U 090000000000000000000000000000000000000000000000000000000000000000000000000000000000000000000000000000000000000000000000000510202100000000            000000000000000                              000                           
0010001300211T 090023210000000700002 32762340052150401   752150401       0311202100000000004100000102559352150401                 0900000000000000000000000000000000000000000000000000000   000000000000000000000000010        170193276234     
0010001300212U 090000000000000000000000000000000000000000000000000000000000000000000000000000000000000000000000000000000000000000000000000510202100000000            000000000000000                              000                           
0010001300213T 030023210000000700002 32762340052146801   752146801       0511202100000000015894200100000 52146801                 0900000000000000000000000000000000000000000000000000000   000000000000000000000000063        170193276234     
0010001300214U 030000000000000000000000000000000000000000000000000000000000000000000000000000000000000000000000000000000000000000000000000510202100000000            000000000000000                              000                           
0010001300215T 030023210000000700002 32762340052146801   752146801       0511202100000000015894200100000 52146801                 0900000000000000000000000000000000000000000000000000000   000000000000000000000000063        170193276234     
0010001300216U 030000000000000000000000000000000000000000000000000000000000000000000000000000000000000000000000000000000000000000000000000510202100000000            000000000000000                              000                           
0010001300217T 030023210000000700002 32762340052146802   752146802       2011202100000000015894200100000 52146802                 0900000000000000000000000000000000000000000000000000000   000000000000000000000000063        170193276234     
0010001300218U 030000000000000000000000000000000000000000000000000000000000000000000000000000000000000000000000000000000000000000000000000510202100000000            000000000000000                              000                           
0010001300219T 030023210000000700002 32762340052149401   752149401       0311202100000000007096000100000 52149401                 0900000000000000000000000000000000000000000000000000000   000000000000000000000000063        170193276234     
0010001300220U 030000000000000000000000000000000000000000000000000000000000000000000000000000000000000000000000000000000000000000000000000510202100000000            000000000000000                              000                           
0010001300221T 030023210000000700002 32762340052149401   752149401       0311202100000000007096000100000 52149401                 0900000000000000000000000000000000000000000000000000000   000000000000000000000000063        170193276234     
0010001300222U 030000000000000000000000000000000000000000000000000000000000000000000000000000000000000000000000000000000000000000000000000510202100000000            000000000000000                              000                           
0010001300223T 030023210000000700002 32762340052149401   752149401       0311202100000000007096000100000 52149401                 0900000000000000000000000000000000000000000000000000000   000000000000000000000000063        170193276234     
0010001300224U 030000000000000000000000000000000000000000000000000000000000000000000000000000000000000000000000000000000000000000000000000510202100000000            000000000000000                              000                           
0010001300225T 030023210000000700002 32762340052149402   752149402       1811202100000000007096000100000 52149402                 0900000000000000000000000000000000000000000000000000000   000000000000000000000000063        170193276234     
0010001300226U 030000000000000000000000000000000000000000000000000000000000000000000000000000000000000000000000000000000000000000000000000510202100000000            000000000000000                              000                           
0010001300227T 030023210000000700002 32762340052149402   752149402       1811202100000000007096000100000 52149402                 0900000000000000000000000000000000000000000000000000000   000000000000000000000000063        170193276234     
0010001300228U 030000000000000000000000000000000000000000000000000000000000000000000000000000000000000000000000000000000000000000000000000510202100000000            000000000000000                              000                           
0010001300229T 030023210000000700002 32762340052149403   752149403       0312202100000000007096000100000 52149403                 0900000000000000000000000000000000000000000000000000000   000000000000000000000000063        170193276234     
0010001300230U 030000000000000000000000000000000000000000000000000000000000000000000000000000000000000000000000000000000000000000000000000510202100000000            000000000000000                              000                           
0010001300231T 030023210000000700002 32762340052159101   752159101       0411202100000000016443700100000 52159101                 0900000000000000000000000000000000000000000000000000000   000000000000000000000000063        170193276234     
0010001300232U 030000000000000000000000000000000000000000000000000000000000000000000000000000000000000000000000000000000000000000000000000510202100000000            000000000000000                              000                           
0010001300233T 030023210000000700002 32762340052159101   752159101       0411202100000000016443700100000 52159101                 0900000000000000000000000000000000000000000000000000000   000000000000000000000000063        170193276234     
0010001300234U 030000000000000000000000000000000000000000000000000000000000000000000000000000000000000000000000000000000000000000000000000510202100000000            000000000000000                              000                           
0010001300235T 030023210000000700002 32762340052159102   752159102       1911202100000000016443700100000 52159102                 0900000000000000000000000000000000000000000000000000000   000000000000000000000000063        170193276234     
0010001300236U 030000000000000000000000000000000000000000000000000000000000000000000000000000000000000000000000000000000000000000000000000510202100000000            000000000000000                              000                           
0010001300237T 030023210000000700002 32762340052159401   752159401       2510202100000000004753000100000 52159401                 0900000000000000000000000000000000000000000000000000000   000000000000000000000000063        170193276234     
0010001300238U 030000000000000000000000000000000000000000000000000000000000000000000000000000000000000000000000000000000000000000000000000510202100000000            000000000000000                              000                           
0010001300239T 030023210000000700002 32762340052160001   752160001       0411202100000000014400000100000 52160001                 0900000000000000000000000000000000000000000000000000000   000000000000000000000000063        170193276234     
0010001300240U 030000000000000000000000000000000000000000000000000000000000000000000000000000000000000000000000000000000000000000000000000510202100000000            000000000000000                              000                           
0010001300241T 030023210000000700002 32762340052160701   752160701       0411202100000000006994700100000 52160701                 0900000000000000000000000000000000000000000000000000000   000000000000000000000000063        170193276234     
0010001300242U 030000000000000000000000000000000000000000000000000000000000000000000000000000000000000000000000000000000000000000000000000510202100000000            000000000000000                              000                           
0010001300243T 030023210000000700002 32762340052160701   752160701       0411202100000000006994700100000 52160701                 0900000000000000000000000000000000000000000000000000000   000000000000000000000000063        170193276234     
0010001300244U 030000000000000000000000000000000000000000000000000000000000000000000000000000000000000000000000000000000000000000000000000510202100000000            000000000000000                              000                           
0010001300245T 030023210000000700002 32762340052160702   752160702       1911202100000000006994700100000 52160702                 0900000000000000000000000000000000000000000000000000000   000000000000000000000000063        170193276234     
0010001300246U 030000000000000000000000000000000000000000000000000000000000000000000000000000000000000000000000000000000000000000000000000510202100000000            000000000000000                              000                           
0010001300247T 030023210000000700002 32762340052161001   752161001       0411202100000000024950000100000 52161001                 0900000000000000000000000000000000000000000000000000000   000000000000000000000000063        170193276234     
0010001300248U 030000000000000000000000000000000000000000000000000000000000000000000000000000000000000000000000000000000000000000000000000510202100000000            000000000000000                              000                           
0010001300249T 030023210000000700002 32762340052161001   752161001       0411202100000000024950000100000 52161001                 0900000000000000000000000000000000000000000000000000000   000000000000000000000000063        170193276234     
0010001300250U 030000000000000000000000000000000000000000000000000000000000000000000000000000000000000000000000000000000000000000000000000510202100000000            000000000000000                              000                           
0010001300251T 030023210000000700002 32762340052161002   752161002       1911202100000000024950000100000 52161002                 0900000000000000000000000000000000000000000000000000000   000000000000000000000000063        170193276234     
0010001300252U 030000000000000000000000000000000000000000000000000000000000000000000000000000000000000000000000000000000000000000000000000510202100000000            000000000000000                              000                           
0010001300253T 030023210000000700002 32762340052161401   752161401       0411202100000000009401700100000 52161401                 0900000000000000000000000000000000000000000000000000000   000000000000000000000000063        170193276234     
0010001300254U 030000000000000000000000000000000000000000000000000000000000000000000000000000000000000000000000000000000000000000000000000510202100000000            000000000000000                              000                           
0010001300255T 030023210000000700002 32762340052161401   752161401       0411202100000000009401700100000 52161401                 0900000000000000000000000000000000000000000000000000000   000000000000000000000000063        170193276234     
0010001300256U 030000000000000000000000000000000000000000000000000000000000000000000000000000000000000000000000000000000000000000000000000510202100000000            000000000000000                              000                           
0010001300257T 030023210000000700002 32762340052161402   752161402       1911202100000000009401700100000 52161402                 0900000000000000000000000000000000000000000000000000000   000000000000000000000000063        170193276234     
0010001300258U 030000000000000000000000000000000000000000000000000000000000000000000000000000000000000000000000000000000000000000000000000510202100000000            000000000000000                              000                           
0010001300259T 030023210000000700002 32762340052161501   752161501       0411202100000000013175700100000 52161501                 0900000000000000000000000000000000000000000000000000000   000000000000000000000000063        170193276234     
0010001300260U 030000000000000000000000000000000000000000000000000000000000000000000000000000000000000000000000000000000000000000000000000510202100000000            000000000000000                              000                           
0010001300261T 030023210000000700002 32762340052161501   752161501       0411202100000000013175700100000 52161501                 0900000000000000000000000000000000000000000000000000000   000000000000000000000000063        170193276234     
0010001300262U 030000000000000000000000000000000000000000000000000000000000000000000000000000000000000000000000000000000000000000000000000510202100000000            000000000000000                              000                           
0010001300263T 030023210000000700002 32762340052161502   752161502       1911202100000000013175700100000 52161502                 0900000000000000000000000000000000000000000000000000000   000000000000000000000000063        170193276234     
0010001300264U 030000000000000000000000000000000000000000000000000000000000000000000000000000000000000000000000000000000000000000000000000510202100000000            000000000000000                              000                           
0010001300265T 030023210000000700002 32762340052161601   752161601       2510202100000000004291000100000 52161601                 0900000000000000000000000000000000000000000000000000000   000000000000000000000000063        170193276234     
0010001300266U 030000000000000000000000000000000000000000000000000000000000000000000000000000000000000000000000000000000000000000000000000510202100000000            000000000000000                              000                           
0010001300267T 030023210000000700002 32762340052161901   752161901       0411202100000000013926700100000 52161901                 0900000000000000000000000000000000000000000000000000000   000000000000000000000000063        170193276234     
0010001300268U 030000000000000000000000000000000000000000000000000000000000000000000000000000000000000000000000000000000000000000000000000510202100000000            000000000000000                              000                           
0010001300269T 030023210000000700002 32762340052161901   752161901       0411202100000000013926700100000 52161901                 0900000000000000000000000000000000000000000000000000000   000000000000000000000000063        170193276234     
0010001300270U 030000000000000000000000000000000000000000000000000000000000000000000000000000000000000000000000000000000000000000000000000510202100000000            000000000000000                              000                           
0010001300271T 030023210000000700002 32762340052161902   752161902       1911202100000000013926700100000 52161902                 0900000000000000000000000000000000000000000000000000000   000000000000000000000000063        170193276234     
0010001300272U 030000000000000000000000000000000000000000000000000000000000000000000000000000000000000000000000000000000000000000000000000510202100000000            000000000000000                              000                           
0010001300273T 030023210000000700002 32762340052162001   752162001       0411202100000000006988300100000 52162001                 0900000000000000000000000000000000000000000000000000000   000000000000000000000000063        170193276234     
0010001300274U 030000000000000000000000000000000000000000000000000000000000000000000000000000000000000000000000000000000000000000000000000510202100000000            000000000000000                              000                           
0010001300275T 030023210000000700002 32762340052162001   752162001       0411202100000000006988300100000 52162001                 0900000000000000000000000000000000000000000000000000000   000000000000000000000000063        170193276234     
0010001300276U 030000000000000000000000000000000000000000000000000000000000000000000000000000000000000000000000000000000000000000000000000510202100000000            000000000000000                              000                           
0010001300277T 030023210000000700002 32762340052162002   752162002       1911202100000000006988300100000 52162002                 0900000000000000000000000000000000000000000000000000000   000000000000000000000000063        170193276234     
0010001300278U 030000000000000000000000000000000000000000000000000000000000000000000000000000000000000000000000000000000000000000000000000510202100000000            000000000000000                              000                           
0010001300279T 030023210000000700002 32762340052162101   752162101       2510202100000000006500000100000 52162101                 0900000000000000000000000000000000000000000000000000000   000000000000000000000000063        170193276234     
0010001300280U 030000000000000000000000000000000000000000000000000000000000000000000000000000000000000000000000000000000000000000000000000510202100000000            000000000000000                              000                           
0010001300281T 030023210000000700002 32762340052162501   752162501       0411202100000000006256000100000 52162501                 0900000000000000000000000000000000000000000000000000000   000000000000000000000000063        170193276234     
0010001300282U 030000000000000000000000000000000000000000000000000000000000000000000000000000000000000000000000000000000000000000000000000510202100000000            000000000000000                              000                           
0010001300283T 030023210000000700002 32762340052162501   752162501       0411202100000000006256000100000 52162501                 0900000000000000000000000000000000000000000000000000000   000000000000000000000000063        170193276234     
0010001300284U 030000000000000000000000000000000000000000000000000000000000000000000000000000000000000000000000000000000000000000000000000510202100000000            000000000000000                              000                           
0010001300285T 030023210000000700002 32762340052162502   752162502       1911202100000000006256000100000 52162502                 0900000000000000000000000000000000000000000000000000000   000000000000000000000000063        170193276234     
0010001300286U 030000000000000000000000000000000000000000000000000000000000000000000000000000000000000000000000000000000000000000000000000510202100000000            000000000000000                              000                           
0010001300287T 030023210000000700002 32762340052162701   752162701       0411202100000000017910000100000 52162701                 0900000000000000000000000000000000000000000000000000000   000000000000000000000000063        170193276234     
0010001300288U 030000000000000000000000000000000000000000000000000000000000000000000000000000000000000000000000000000000000000000000000000510202100000000            000000000000000                              000                           
0010001300289T 030023210000000700002 32762340052162701   752162701       0411202100000000017910000100000 52162701                 0900000000000000000000000000000000000000000000000000000   000000000000000000000000063        170193276234     
0010001300290U 030000000000000000000000000000000000000000000000000000000000000000000000000000000000000000000000000000000000000000000000000510202100000000            000000000000000                              000                           
0010001300291T 030023210000000700002 32762340052162702   752162702       1911202100000000017910000100000 52162702                 0900000000000000000000000000000000000000000000000000000   000000000000000000000000063        170193276234     
0010001300292U 030000000000000000000000000000000000000000000000000000000000000000000000000000000000000000000000000000000000000000000000000510202100000000            000000000000000                              000                           
0010001300293T 030023210000000700002 32762340052163001   752163001       0411202100000000018295300100000 52163001                 0900000000000000000000000000000000000000000000000000000   000000000000000000000000063        170193276234     
0010001300294U 030000000000000000000000000000000000000000000000000000000000000000000000000000000000000000000000000000000000000000000000000510202100000000            000000000000000                              000                           
0010001300295T 030023210000000700002 32762340052163001   752163001       0411202100000000018295300100000 52163001                 0900000000000000000000000000000000000000000000000000000   000000000000000000000000063        170193276234     
0010001300296U 030000000000000000000000000000000000000000000000000000000000000000000000000000000000000000000000000000000000000000000000000510202100000000            000000000000000                              000                           
0010001300297T 030023210000000700002 32762340052163002   752163002       1911202100000000018295300100000 52163002                 0900000000000000000000000000000000000000000000000000000   000000000000000000000000063        170193276234     
0010001300298U 030000000000000000000000000000000000000000000000000000000000000000000000000000000000000000000000000000000000000000000000000510202100000000            000000000000000                              000                           
00100015         000300002266000000002617699080000000000000000000000000000000000000000000000000000000000000000000000000000000000000000000000000000                                                                                              
00199999         000001000302000000                                                                                                                                                            00000000000000000000000000000                    
