03300000        2010304248000108405700004116330                         MARCOS ALBERTO DE OLIVEIRA BRABANCO SANTANDER                         116052016      000001040                                                                          
03300011R01  030 2010304248000108                    405700004116330     MARCOS ALBERTO DE OLIVEIRA BRA                                                                                0000000116052016                                         
0330001300001P 014057013000584901300058490  0000027654117121  02765411       1605201600000000000889200000 02N16052016117052016000000000000018000000000000000000000000000000000000000000000000000000000002765411             000200000           
0330001300002Q 01100004380680541500028-JOSE EVERALDO DO NASCIMENTO       SITIO DO MEIO SN                        ZONA RURAL     55370000SAO BENTO DO UNPE0000000000000000                                        000000000000                   
0330001300003R 01000000000000000000000000                        117052016000000000000000          APOS O VENCIMENTO O SISTEMA BlOQUEIA AUTCREDITO SEM PREVIO AVISO,DESDE JA AGRADE                                                             
0330001300004S 012                                                                                                                                                                                                                              
03300015         000006                                                                                                                                                                                                                         
03399999         000001000008                                                                                                                                                                                                                   
