00100000         224494200000106003352910001417019  0067340000002000008 JH BELTRAO                    BANCO DO BRASIL                         11111202110400500000103000000                    00000000000000000000           CSP000            
00100011R01  020 2024494200000106003352910001417019  0067340000002000008 JH BELTRAO                                                                                                    000000011111202100000000                                 
0010001300001P 010067340000002000008 33529100000026801   7112200026801       1112202100000000000529200000 02N1111202111212202100000000000001700000000000000000000000000000000000000000000000000000000026801                 1070   090000000000 
0010001300002Q 0120244942000001061-HTI SISTEMAS                          RUA ARNALDO ACACIO GUIMARAES 87         CENTRO         55140000TACAIMBO       PE0000000000000000                                        000                            
0010001300003R 01000000000000000000000000000000000000000000000000000000000000000000000000                                                                                                              00000000000000000000000000000000         
0010001300004P 010067340000002000008 33529100000026802   7112200026802       1001202200000000000529200000 02N1111202111101202200000000000001700000000000000000000000000000000000000000000000000000000026802                 1070   090000000000 
0010001300005Q 0120244942000001061-HTI SISTEMAS                          RUA ARNALDO ACACIO GUIMARAES 87         CENTRO         55140000TACAIMBO       PE0000000000000000                                        000                            
0010001300006R 01000000000000000000000000000000000000000000000000000000000000000000000000                                                                                                              00000000000000000000000000000000         
00100015         00000800000000000000000000000000000000000000000000000000000000000000000000000000000000000000000000                                                                                                                             
00199999         000001000010                                                                                                                                                                                                                   
