00100000         224494200000106003352910001417019  0067340000002000008 JH BELTRAO                    BANCO DO BRASIL                         12411202112240200000103000000                    00000000000000000000           CSP000            
00100011R01  020 2024494200000106003352910001417019  0067340000002000008 JH BELTRAO                                                                                                    000000012411202100000000                                 
0010001300001P 010067340000002000008 33529100000028413   71122284-1/3        2412202100000000000579600000 02N2411202112512202100000000000001900000000000000000000000000000000000000000000000000000028413                    1070   090000000000 
0010001300002Q 0120244942000001061-HTI SISTEMAS                          RUA ARNALDO ACACIO GUIMARAES 87         CENTRO         55140000TACAIMBO       PE0000000000000000                                        000                            
0010001300003R 01000000000000000000000000000000000000000000000000000000000000000000000000                                                                                                              00000000000000000000000000000000         
0010001300004P 010067340000002000008 33529100000028423   71122284-2/3        2301202200000000000579600000 02N2411202112401202200000000000001900000000000000000000000000000000000000000000000000000028423                    1070   090000000000 
0010001300005Q 0120244942000001061-HTI SISTEMAS                          RUA ARNALDO ACACIO GUIMARAES 87         CENTRO         55140000TACAIMBO       PE0000000000000000                                        000                            
0010001300006R 01000000000000000000000000000000000000000000000000000000000000000000000000                                                                                                              00000000000000000000000000000000         
0010001300007P 010067340000002000008 33529100000028433   71122284-3/3        2202202200000000000579600000 02N2411202112302202200000000000001900000000000000000000000000000000000000000000000000000028433                    1070   090000000000 
0010001300008Q 0120244942000001061-HTI SISTEMAS                          RUA ARNALDO ACACIO GUIMARAES 87         CENTRO         55140000TACAIMBO       PE0000000000000000                                        000                            
0010001300009R 01000000000000000000000000000000000000000000000000000000000000000000000000                                                                                                              00000000000000000000000000000000         
00100015         00001100000000000000000000000000000000000000000000000000000000000000000000000000000000000000000000                                                                                                                             
00199999         000001000013                                                                                                                                                                                                                   
