00100000         224494200000106003352910001417019  0067340000002000008 JH BELTRAO                    BANCO DO BRASIL                         12707202120142600000103000000                    00000000000000000000           CSP000            
00100011R01  020 2024494200000106003352910001417019  0067340000002000008 JH BELTRAO                                                                                                    000000012707202100000000                                 
0010001300001P 010067340000002000008 33529100000019001   7112200019001       2608202100000000000333300000 02N2707202112708202100000000000001100000000000000000000000000000000000000000000000000000000019001                 1070000090000000000 
0010001300002Q 0120244942000001061-HTI SISTEMAS                          RUA ARNALDO ACACIO GUIMARAES 87         CENTRO         55140000TACAIMBO       PE0000000000000000                                        000                            
0010001300003R 01000000000000000000000000000000000000000000000000000000000000000000000000                                                                                                              00000000000000000000000000000000         
0010001300004P 010067340000002000008 33529100000019002   7112200019002       2509202100000000000333300000 02N2707202112609202100000000000001100000000000000000000000000000000000000000000000000000000019002                 1070000090000000000 
0010001300005Q 0120244942000001061-HTI SISTEMAS                          RUA ARNALDO ACACIO GUIMARAES 87         CENTRO         55140000TACAIMBO       PE0000000000000000                                        000                            
0010001300006R 01000000000000000000000000000000000000000000000000000000000000000000000000                                                                                                              00000000000000000000000000000000         
0010001300007P 010067340000002000008 33529100000019003   7112200019003       2707202100000000000333300000 02N2707202112807202100000000000001100000000000000000000000000000000000000000000000000000000019003                 1070000090000000000 
0010001300008Q 0120244942000001061-HTI SISTEMAS                          RUA ARNALDO ACACIO GUIMARAES 87         CENTRO         55140000TACAIMBO       PE0000000000000000                                        000                            
0010001300009R 01000000000000000000000000000000000000000000000000000000000000000000000000                                                                                                              00000000000000000000000000000000         
00100015         00001100000000000000000000000000000000000000000000000000000000000000000000000000000000000000000000                                                                                                                             
00199999         000001000013                                                                                                                                                                                                                   
