00100000         224494200000106003352910001417019  0067340000002000008 JH BELTRAO                    BANCO DO BRASIL                         11607202115403100000103000000                    00000000000000000000           CSP000            
00100011R01  020 2024494200000106003352910001417019  0067340000002000008 JH BELTRAO                                                                                                    000000011607202100000000                                 
0010001300001P 010067340000002000008 33529100000000481   71122481            1508202100000000001000000000 02N16072021116082021000000000000033000000000000000000000000000000000000000000000000000000481                      1070000090000000000 
0010001300002Q 0120699424230001274-ZZ SR JARBAS DE LIMA                  RUA BRUNO MAIA, 217 - APT.1301          GRACAS         52011110RECIFE         PE0000000000000000                                        000                            
0010001300003R 01000000000000000000000000000000000000000000000000000000000000000000000000                                                                                                              00000000000000000000000000000000         
00100015         00000500000000000000000000000000000000000000000000000000000000000000000000000000000000000000000000                                                                                                                             
00199999         000001000007                                                                                                                                                                                                                   
