00100000         224494200000106003352910001417019  0067340000002000008 JH BELTRAO                    BANCO DO BRASIL                         12411202112185900000103000000                    00000000000000000000           CSP000            
00100011R01  020 2024494200000106003352910001417019  0067340000002000008 JH BELTRAO                                                                                                    000000012411202100000000                                 
0010001300001P 010067340000002000008 33529100000027811   71122000278    -1/1 0312202100000000000317600000 02N24112021104122021000000000000010000000000000000000000000000000000000000000000000000000000278    11             1070   090000000000 
0010001300002Q 01202449420000010641628-M EDUARDA B B CINTRA - ME         PRACA FRANCELINO ARAUJO 68              CENTRO         55140000TACAIMBO       PE0000000000000000                                        000                            
0010001300003R 01000000000000000000000000000000000000000000000000000000000000000000000000                                                                                                              00000000000000000000000000000000         
00100015         00000500000000000000000000000000000000000000000000000000000000000000000000000000000000000000000000                                                                                                                             
00199999         000001000007                                                                                                                                                                                                                   
